@article{Bilodeau1961,
	journal={Annual review of psychology},
	number=1,
	note={publisher: Annual Reviews 4139 El Camino Way, PO Box 10139, Palo Alto, CA 94303-0139, USA},
	title={Motor-skills learning},
	volume=12,
	author={Bilodeau, Edward A and Bilodeau, Ina M},
	pages={243–280},
	date=1961,
	year=1961,
}
@article{Salmoni1984,
	journal={Psychological bulletin},
	number=3,
	note={publisher: American Psychological Association},
	title={Knowledge of results and motor learning: a review and critical reappraisal.},
	volume=95,
	author={Salmoni, Alan W and Schmidt, Richard A and Walter, Charles B},
	pages=355,
	date=1984,
	year=1984,
}
@article{Lee2021,
	journal={Kinesiology Review},
	number={aop},
	note={publisher: Human Kinetics},
	title={Motor Learning: Reflections on the Past 40 Years of Research},
	volume=1,
	author={Lee, Timothy D and Carnahan, Heather},
	pages={1–9},
	date=2021,
	year=2021,
}
@article{Magill2012,
	journal={Skill acquisition in sport: Research, theory and practice},
	note={publisher: Routledge New York, NY},
	title={The roles and uses of augmented feedback in motor skill acquisition},
	author={Magill, Richard A and Anderson, David I},
	pages={3–21},
	date=2012,
	year=2012,
}
@article{Ong2020,
	journal={The Routledge International Encyclopedia of Sport and Exercise Psychology: Volume 1: Theoretical and Methodological Concepts},
	note={publisher: Routledge},
	title={MOTOR LEARNING},
	author={Ong, Nicole T and Hodges, Nicola J},
	date=2020,
	year=2020,
}
@article{Sigrist2013,
	journal={Psychonomic bulletin & review},
	number=1,
	note={publisher: Springer},
	title={Augmented visual, auditory, haptic, and multimodal feedback in motor learning: a review},
	volume=20,
	author={Sigrist, Roland and Rauter, Georg and Riener, Robert and Wolf, Peter},
	pages={21–53},
	date=2013,
	year=2013,
}
@article{McKay2020,
	journal={Human Movement Science},
	doi={10.1016/j.humov.2020.102612},
	issn={0167-9457},
	language={en},
	title={Autonomy support and reduced feedback frequency have trivial effects on learning and performance of a golf putting task},
	volume=71,
	author={McKay, Brad and Ste-Marie, Diane M.},
	pages=102612,
	date={2020-06-01},
	year=2020,
	month=6,
	day=1,
	annote = {*}
}
@article{Wulf2016,
	journal={Psychonomic bulletin & review},
	number=5,
	note={publisher: Springer},
	title={Optimizing performance through intrinsic motivation and attention for learning: The OPTIMAL theory of motor learning},
	volume=23,
	author={Wulf, Gabriele and Lewthwaite, Rebecca},
	pages={1382–1414},
	date=2016,
	year=2016,
}
@incollection{Wulf2004,
	booktitle={Skill acquisition in sport},
	publisher={Routledge},
	title={Understanding the role of augmented feedback: The good, the bad and the ugly},
	author={Wulf, Gabriele and Shea, Charles H},
	pages={145–168},
	date=2004,
	year=2004,
}
@book{Schmidt2018,
	publisher={Human kinetics},
	title={Motor control and learning: A behavioral emphasis},
	author={Schmidt, Richard A and Lee, Timothy D and Winstein, Carolee and Wulf, Gabriele and Zelaznik, Howard N},
	date=2018,
	year=2018,
}
@article{Kantak2012,
	journal={Behavioural brain research},
	number=1,
	note={publisher: Elsevier},
	title={Learning–performance distinction and memory processes for motor skills: A focused review and perspective},
	volume=228,
	author={Kantak, Shailesh S and Winstein, Carolee J},
	pages={219–231},
	date=2012,
	year=2012,
}
@article{Gelman2006,
	journal={The American Statistician},
	number=4,
	note={publisher: Taylor & Francis},
	title={The difference between “significant” and “not significant” is not itself statistically significant},
	volume=60,
	author={Gelman, Andrew and Stern, Hal},
	pages={328–331},
	date=2006,
	year=2006,
}
@article{VandenNoortgate2015,
	journal={Behavior Research Methods},
	doi={10.3758/s13428-014-0527-2},
	issn={1554-3528},
	number=4,
	language={en},
	title={Meta-analysis of multiple outcomes: a multilevel approach},
	volume=47,
	author={Van den Noortgate, Wim and López-López, José Antonio and Marín-Martínez, Fulgencio and Sánchez-Meca, Julio},
	pages={1274--1294},
	date={2015-12-01},
	year=2015,
	month=12,
	day=1,
}
@article{Marschall2007,
	journal={Bewegung und Training},
	note={publisher: Deutsche Vereinigung für Sportwissenschaft},
	title={Does frequent augmented feedback really degrade learning? A meta-analysis},
	volume=1,
	author={Marschall, Franz and Bund, Andreas and Wiemeyer, Josef},
	pages={75–86},
	date=2007,
	year=2007,
}
@article{Dickersin1987,
	journal={Controlled clinical trials},
	number=4,
	note={publisher: Elsevier},
	title={Publication bias and clinical trials},
	volume=8,
	author={Dickersin, Kay and Chan, SS and Chalmersx, TC and Sacks, HS and Smith Jr, H},
	pages={343–353},
	date=1987,
	year=1987,
}
@book{Borenstein2021,
	publisher={John Wiley & Sons},
	title={Introduction to meta-analysis},
	author={Borenstein, Michael and Hedges, Larry V and Higgins, Julian PT and Rothstein, Hannah R},
	date=2021,
	year=2021,
}
@article{Scammacca2014,
	journal={Review of educational research},
	number=3,
	note={publisher: Sage Publications Sage CA: Los Angeles, CA},
	title={Meta-analysis with complex research designs: Dealing with dependence from multiple measures and multiple group comparisons},
	volume=84,
	author={Scammacca, Nancy and Roberts, Greg and Stuebing, Karla K},
	pages={328–364},
	date=2014,
	year=2014,
}
@article{Winstein1991,
	journal={Physical Therapy},
	doi={10.1093/ptj/71.2.140},
	issn={0031-9023, 1538-6724},
	number=2,
	language={en},
	title={Knowledge of Results and Motor Learning—Implications for Physical Therapy},
	volume=71,
	author={Winstein, Carolee J},
	pages={140--149},
	date={1991-02-01},
	year=1991,
	month=2,
	day=1,
}
@article{Guadagnoli2004,
	journal={Journal of motor behavior},
	number=2,
	note={publisher: Taylor & Francis},
	title={Challenge point: a framework for conceptualizing the effects of various practice conditions in motor learning},
	volume=36,
	author={Guadagnoli, Mark A and Lee, Timothy D},
	pages={212–224},
	date=2004,
	year=2004,
}
@article{Rohatgi2020,
	title={Webplotdigitizer: Version 4.4},
	url={https://automeris.io/WebPlotDigitizer},
	author={Rohatgi, Ankit},
	date=2020,
	year=2020,
}
@incollection{Gentile2000,
	booktitle={Movement science: Foundations for physical therapy},
	edition={2nd},
	publisher={Rockville, MD},
	address={Aspen},
	title={Skill acquisition: Action, movement, and neuromotor processes.},
	author={Gentile, Ann M.},
	editor={Carr, J. H and Shepherd, R. D.},
	pages={111--187},
	date=2000,
	year=2000,
}
@article{Higgins2011,
	journal={Bmj},
	note={publisher: British Medical Journal Publishing Group},
	title={The Cochrane Collaboration’s tool for assessing risk of bias in randomised trials},
	volume=343,
	author={Higgins, Julian PT and Altman, Douglas G and Gøtzsche, Peter C and Jüni, Peter and Moher, David and Oxman, Andrew D and Savović, Jelena and Schulz, Kenneth F and Weeks, Laura and Sterne, Jonathan AC},
	date=2011,
	year=2011,
}
@book{DelRe2013,
	note={container-title: R Package},
	title={compute.es: Compute Effect Sizes},
	url={https://cran.r-project.org/package=compute.es},
	author={Del Re, A. C.},
	date=2013,
	year=2013,
}
@article{Viechtbauer2010,
	journal={Journal of Statistical Software},
	number=3,
	title={Conducting meta-analyses in R with the metafor package},
	volume=36,
	author={Viechtbauer, Wolfgang},
	pages={1–48},
	date=2010,
	year=2010,
}
@article{Vevea2005,
	journal={Psychological methods},
	number=4,
	language={en},
	note={publisher: American Psychological Association},
	title={Publication Bias in Research Synthesis: Sensitivity Analysis Using A Priori Weight Functions},
	volume=10,
	author={Vevea, Jack L and Woods, Carol M},
	pages=16,
	date=2005,
	year=2005,
}
@techreport{Pustejovsky2020,
	note={DOI: 10.31222/osf.io/vyfcj
type: article},
	publisher={MetaArXiv},
	title={Meta-Analysis with Robust Variance Estimation: Expanding the Range of Working Models},
	url={https://osf.io/preprints/metaarxiv/vyfcj/},
	author={Pustejovsky, James E. and Tipton, Elizabeth},
	date={2020-09-14},
	year=2020,
	month=9,
	day=14,
}
@techreport{Maier2020,
	language={en},
	note={DOI: 10.31234/osf.io/u4cns},
	publisher={PsyArXiv},
	title={Robust Bayesian Meta-Analysis: Addressing Publication Bias with Model-Averaging},
	url={https://osf.io/u4cns},
	author={Maier, Maximilian and Bartoš, František and Wagenmakers, Eric-Jan},
	date={2020-06-23},
	year=2020,
	month=6,
	day=23,
}
@book{Bartoš2020,
	title={zcurve: An R Package for Fitting Z-curves},
	url={https://CRAN.R-project.org/package=zcurve},
	author={Bartoš, František and Schimmack, Ulrich},
	date=2020,
	year=2020,
}
@techreport{McKay2021,
	note={DOI: 10.31234/osf.io/8d3nb
type: article},
	publisher={PsyArXiv},
	title={Meta-Analytic Findings in the Self-Controlled Motor Learning Literature: Underpowered, Biased, and Lacking Evidential Value},
	url={https://psyarxiv.com/8d3nb/},
	author={McKay, Brad and Yantha, Zachary D. and Hussien, Julia and Carter, Michael J. and Ste-Marie, Diane M.},
	date={2021-02-06},
	year=2021,
	month=2,
	day=6,
}
@article{IntHout2016,
	journal={BMJ Open},
	doi={10.1136/bmjopen-2015-010247},
	issn={2044-6055},
	number=7,
	note={PMID: 27406637
PMCID: PMC4947751},
	title={Plea for routinely presenting prediction intervals in meta-analysis},
	volume=6,
	author={IntHout, Joanna and Ioannidis, John P A and Rovers, Maroeska M and Goeman, Jelle J},
	pages={e010247},
	date={2016-07-12},
	year=2016,
	month=7,
	day=12,
}
@article{Agethen2016,
	journal={Human Movement Science},
	note={publisher: Elsevier},
	title={Effects of bandwidth feedback on the automatization of an arm movement sequence},
	volume=45,
	author={Agethen, Manfred and Krause, Daniel},
	pages={71–83},
	date=2016,
	year=2016,
	annote = {*}
}
@article{Albuquerque2014,
	journal={Perceptual and motor skills},
	number=1,
	note={publisher: SAGE Publications Sage CA: Los Angeles, CA},
	title={Effects of knowledge of results frequency on the learning of generalized motor programs and parameters under conditions of constant practice},
	volume=119,
	author={Albuquerque, Maicon R and Lage, Guilherme M and Ugrinowitsch, Herbert and Corrêa, Umberto C and Benda, Rodolfo N},
	pages={69–81},
	date=2014,
	year=2014,
	annote = {*}
}
@article{Aoyagi2019,
	journal={Journal of physical therapy science},
	number=8,
	note={publisher: The Society of Physical Therapy Science},
	title={Feedback protocol of ‘fading knowledge of results’ is effective for prolonging motor learning retention},
	volume=31,
	author={Aoyagi, Yoichiro and Ohnishi, Eri and Yamamoto, Yoshinori and Kado, Naoki and Suzuki, Toshiaki and Ohnishi, Hitoshi and Hokimoto, Nozomi and Fukaya, Naomi},
	pages={687–691},
	date=2019,
	year=2019,
	annote = {*}
}
@article{Badets2010,
	journal={Journal of motor behavior},
	number=4,
	note={publisher: Taylor & Francis},
	title={Feedback schedules for motor-skill learning: the similarities and differences between physical and observational practice},
	volume=42,
	author={Badets, Arnaud and Blandin, Yannick},
	pages={257–268},
	date=2010,
	year=2010,
	annote = {*}
}
@article{Badets2012,
	journal={Psychological research},
	number=5,
	note={publisher: Springer},
	title={Feedback and intention during motor-skill learning: a connection with prospective memory},
	volume=76,
	author={Badets, Arnaud and Blandin, Yannick},
	pages={601–610},
	date=2012,
	year=2012,
	annote = {*}
}
@article{Blandin2008,
	journal={Journal of Experimental Psychology: Learning, Memory, and Cognition},
	number=4,
	note={publisher: American Psychological Association},
	title={Specificity of practice: interaction between concurrent sensory information and terminal feedback.},
	volume=34,
	author={Blandin, Yannick and Toussaint, Lucette and Shea, Charles H},
	pages=994,
	date=2008,
	year=2008,
	annote = {*}
}
@article{Bruechert2003,
	journal={Research Quarterly for Exercise and Sport},
	number=4,
	note={publisher: Taylor & Francis},
	title={Reduced knowledge of results frequency enhances error detection},
	volume=74,
	author={Bruechert, Lisa and Lai, Qin and Shea, Charles H},
	pages={467–472},
	date=2003,
	year=2003,
	annote = {*}
}
@article{Burtner2014,
	journal={Developmental Medicine & Child Neurology},
	number=3,
	note={publisher: Wiley Online Library},
	title={Motor learning in children with hemiplegic cerebral palsy: feedback effects on skill acquisition},
	volume=56,
	author={Burtner, Patricia A and Leinwand, Robin and Sullivan, Katherine J and Goh, Hui-Ting and Kantak, Shailesh S},
	pages={259–266},
	date=2014,
	year=2014,
	annote = {*}
}
@article{Silva2017,
	journal={Journal of sports sciences},
	number=18,
	note={publisher: Taylor & Francis},
	title={Improved children’s motor learning of the basketball free shooting pattern by associating subjective error estimation and extrinsic feedback},
	volume=35,
	author={da Silva, da Leandro de Carvalho and Pereira-Monfredini, Carla Ferro and Teixeira, Luis Augusto},
	pages={1825–1830},
	date=2017,
	year=2017,
	annote = {*}
}
@article{Oliveira2009,
	journal={Perceptual and motor skills},
	number=3,
	note={publisher: SAGE Publications Sage CA: Los Angeles, CA},
	title={Relative frequency of knowledge of results and task complexity in the motor skill acquisition},
	volume=109,
	author={de Oliveira, Dalton Lustosa and Corrêa, Umberto Cesar and Gimenez, Roberto and Basso, Luciano and Tani, Go},
	pages={831–840},
	date=2009,
	year=2009,
	annote = {*}
}
@article{Drews2021,
	journal={Journal of Motor Behavior},
	doi={10.1080/00222895.2020.1772711},
	issn={0022-2895},
	number=3,
	note={publisher: Routledge},
	title={Knowledge of Results do not Affect Self-Efficacy and Skill Acquisition on an Anticipatory Timing Task},
	volume=53,
	author={Drews, Ricardo and Pacheco, Matheus Maia and Bastos, Flavio Henrique and Tani, Go},
	pages={275--286},
	date=2021,
	year=2021,
	annote = {*}
}
@article{Goh2012,
	journal={Research quarterly for exercise and sport},
	number=2,
	note={publisher: Taylor & Francis},
	title={Movement pattern and parameter learning in children: Effects of feedback frequency},
	volume=83,
	author={Goh, Hui-Ting and Kantak, Shailesh S and Sullivan, Katherine J},
	pages={346–352},
	date=2012,
	year=2012,
	annote = {*}
}
@article{Guadagnoli2001,
	journal={Journal of motor behavior},
	number=2,
	note={publisher: Taylor & Francis},
	title={Knowledge of results for motor learning: relationship between error estimation and knowledge of results frequency},
	volume=33,
	author={Guadagnoli, Mark A and Kohl, Robert M},
	pages={217–224},
	date=2001,
	year=2001,
	annote = {*}
}
@article{Guadagnoli2002,
	journal={Parkinsonism & related disorders},
	number=2,
	note={publisher: Elsevier},
	title={The relationship between knowledge of results and motor learning in Parkinsonian patients},
	volume=9,
	author={Guadagnoli, Mark A and Leis, Berta and Van Gemmert, Arend WA and Stelmach, George E},
	pages={89–95},
	date=2002,
	year=2002,
	annote = {*}
}
@article{Guay1999,
	journal={Research quarterly for exercise and sport},
	number=1,
	note={publisher: Taylor & Francis},
	title={The effects of different knowledge of results spacing and summarizing techniques on the acquisition of a ballistic movement},
	volume=70,
	author={Guay, Michel and Salmoni, Alan and Lajoie, Yves},
	pages={24–32},
	date=1999,
	year=1999,
	annote = {*}
}
@article{Keller2014,
	journal={Human movement science},
	note={publisher: Elsevier},
	title={Jump performance and augmented feedback: Immediate benefits and long-term training effects},
	volume=36,
	author={Keller, Martin and Lauber, Benedikt and Gehring, Dominic and Leukel, Christian and Taube, Wolfgang},
	pages={177–189},
	date=2014,
	year=2014,
	annote = {*}
}
@article{Kohl1996,
	journal={Journal of motor behavior},
	number=3,
	note={publisher: Taylor & Francis},
	title={The scheduling of knowledge of results},
	volume=28,
	author={Kohl, Robert M and Guadagnoli, Mark A},
	pages={233–240},
	date=1996,
	year=1996,
	annote = {*}
}
@article{Lotfi2018,
	journal={Physical education of students},
	number=5,
	note={publisher: HS Skovoroda Kharkiv National Pedagogical University},
	title={Effect of model’s skill level and frequency of feedback on learning of complex serial aiming task},
	author={Lotfi, Gh and Hatami, F and Zivari, F},
	pages={252–257},
	date=2018,
	year=2018,
	annote = {*}
}
@article{McCullagh1990,
	journal={Perceptual and Motor Skills},
	number=3,
	note={publisher: SAGE Publications Sage CA: Los Angeles, CA},
	title={Demonstrations and knowledge of results in motor skill acquisition},
	volume=71,
	author={McCullagh, Penny and Little, William S},
	pages={735–742},
	date=1990,
	year=1990,
	annote = {*}
}
@article{Ranganathan2009,
	journal={Journal of motor behavior},
	number=4,
	note={publisher: Taylor & Francis},
	title={Influence of augmented feedback on coordination strategies},
	volume=41,
	author={Ranganathan, Rajiv and Newell, Karl M},
	pages={317–330},
	date=2009,
	year=2009,
	annote = {*}
}
@article{Shewokis2000,
	journal={Isokinetics and exercise science},
	number=3,
	note={publisher: IOS Press},
	title={Effects of bandwidth knowledge of results on the performance and learning of a shoulder internal rotation isokinetic strength task},
	volume=8,
	author={Shewokis, Patricia A and Kennedy, Christopher Z and Marsh, Jennifer L},
	pages={129–139},
	date=2000,
	year=2000,
	annote = {*}
}
@article{Steinhauer2000,
	journal={Journal of Voice},
	number=2,
	note={publisher: Elsevier},
	title={The role of knowledge of results in performance and learning of a voice motor task},
	volume=14,
	author={Steinhauer, Kimberly and Grayhack, Judith Preston},
	pages={137–145},
	date=2000,
	year=2000,
	annote = {*}
}
@article{Sullivan2008,
	journal={Physical therapy},
	number=6,
	note={publisher: Oxford University Press},
	title={Motor learning in children: feedback effects on skill acquisition},
	volume=88,
	author={Sullivan, Katherine J and Kantak, Shailesh S and Burtner, Patricia A},
	pages={720–732},
	date=2008,
	year=2008,
	annote = {*}
}
@article{Weeks1998,
	journal={Research Quarterly for Exercise and Sport},
	number=3,
	note={publisher: Taylor & Francis},
	title={Relative frequency of knowledge of performance and motor skill learning},
	volume=69,
	author={Weeks, Douglas L and Kordus, Raymond N},
	pages={224–230},
	date=1998,
	year=1998,
	annote = {*}
}
@article{Winstein1990,
	journal={Journal of Experimental Psychology: Learning, Memory, and Cognition},
	number=4,
	note={publisher: American Psychological Association},
	title={Reduced frequency of knowledge of results enhances motor skill learning.},
	volume=16,
	author={Winstein, Carolee J and Schmidt, Richard A},
	pages=677,
	date=1990,
	year=1990,
	annote = {*}
}
@article{Wu2011,
	journal={Human movement science},
	number=6,
	note={publisher: Elsevier},
	title={Contextual interference and augmented feedback: is there an additive effect for motor learning?},
	volume=30,
	author={Wu, Will FW and Young, Doug E and Schandler, Steven L and Meir, Gily and Judy, Rachel LM and Perez, Jonae and Cohen, Michael J},
	pages={1092–1101},
	date=2011,
	year=2011,
	annote = {*}
}
@article{Wulf2010,
	journal={Frontiers in psychology},
	note={publisher: Frontiers},
	title={Frequent external focus feedback enhances motor learning},
	volume=1,
	author={Wulf, Gabriele and Chiviacowsky, Suzete and Schiller, Eduardo and Ávila, Luciana Toaldo Gentilini},
	pages=190,
	date=2010,
	year=2010,
	annote = {*}
}
@article{Wulf1994,
	journal={Journal of motor behavior},
	number=4,
	note={publisher: Taylor & Francis},
	title={Reducing knowledge of results about relative versus absolute timing: Differential effects on learning},
	volume=26,
	author={Wulf, Gabriele and Lee, Timothy D and Schmidt, Richard A},
	pages={362–369},
	date=1994,
	year=1994,
	annote = {*}
}
@article{Wulf1993,
	journal={Journal of Experimental Psychology: Learning, Memory, and Cognition},
	number=5,
	note={publisher: American Psychological Association},
	title={Reduced feedback frequency enhances generalized motor program learning but not parameterization learning.},
	volume=19,
	author={Wulf, Gabriele and Schmidt, Richard A and Deubel, Heiner},
	pages=1134,
	date=1993,
	year=1993,
	annote = {*}
}
@article{Yamamoto2019,
	journal={Journal of physical therapy science},
	number=11,
	note={publisher: The Society of Physical Therapy Science},
	title={Differences in skill level influence the effects of visual feedback on motor learning},
	volume=31,
	author={Yamamoto, Ryohei and Akizuki, Kazunori and Kanai, Yoshihide and Nakano, Wataru and Kobayashi, Yasuto and Ohashi, Yukari},
	pages={939–945},
	date=2019,
	year=2019,
	annote = {*}
}
@article{Zamani2015,
	journal={International Journal of School Health},
	number=1,
	note={publisher: Shiraz University of Medical Sciences},
	title={Effects of frequency of feedback on the learning of motor skill in preschool children},
	volume=2,
	author={Zamani, Mohammad Hossein and Zarghami, Mehdi},
	pages={1–6},
	date=2015,
	year=2015,
	annote = {*}
}
@book{Higgins2019,
	publisher={John Wiley & Sons},
	title={Cochrane handbook for systematic reviews of interventions},
	author={Higgins, Julian PT and Thomas, James and Chandler, Jacqueline and Cumpston, Miranda and Li, Tianjing and Page, Matthew J and Welch, Vivian A},
	date=2019,
	year=2019,
}
@article{Simonsohn2015,
	journal={Psychological science},
	number=5,
	note={publisher: Sage Publications Sage CA: Los Angeles, CA},
	title={Small telescopes: Detectability and the evaluation of replication results},
	volume=26,
	author={Simonsohn, Uri},
	pages={559–569},
	date=2015,
	year=2015,
}
@article{Simonsohn2014,
	journal={Journal of experimental psychology: General},
	number=2,
	note={publisher: American Psychological Association},
	title={P-curve: a key to the file-drawer.},
	volume=143,
	author={Simonsohn, Uri and Nelson, Leif D and Simmons, Joseph P},
	pages=534,
	date=2014,
	year=2014,
}
@article{Gelman2014,
	journal={Perspectives on Psychological Science},
	number=6,
	note={publisher: Sage Publications Sage CA: Los Angeles, CA},
	title={Beyond power calculations: Assessing type S (sign) and type M (magnitude) errors},
	volume=9,
	author={Gelman, Andrew and Carlin, John},
	pages={641–651},
	date=2014,
	year=2014,
}
@incollection{Anderson2019,
	booktitle={Skill Acquisition in Sport},
	edition=3,
	isbn={978-1-351-18975-0},
	language={en},
	note={DOI: 10.4324/9781351189750-1},
	publisher={Routledge},
	address={Third Edition. {\textbar} New York : Routledge, 2019. {\textbar} “First edition published by Routledge 2004”--T.p. verso. {\textbar} Previous edition: 2012.},
	title={Enhancing motor skill acquisition with augmented feedback},
	url={https://www.taylorfrancis.com/books/9781351189743/chapters/10.4324/9781351189750-1},
	author={Anderson, David I. and Magill, Richard A. and Mayo, Anthony M. and Steel, Kylie A.},
	editor={Hodges, Nicola J. and Williams, A. Mark},
	pages={3--19},
	date={2019-11-04},
	year=2019,
	month=11,
	day=4,
}
@article{Lakens2014,
	journal={European Journal of Social Psychology},
	number=7,
	note={publisher: Wiley Online Library},
	title={Performing high-powered studies efficiently with sequential analyses},
	volume=44,
	author={Lakens, Daniël},
	pages={701–710},
	date=2014,
	year=2014,
}
@book{Wald2004,
	publisher={Courier Corporation},
	title={Sequential analysis},
	author={Wald, Abraham},
	date=2004,
	year=2004,
}
@article{Maxwell1991,
	language={en},
	title={A Comparison of Methods for Increasing Power in Randomized Between-Subjects Designs},
	author={Maxwell, Scott E and Cole, David A and Arvey, Richard D and Salas, Eduardo},
	pages=10,
	date=1991,
	year=1991,
}
@book{Cohen1988,
	edition={2nd ed},
	isbn={978-0-8058-0283-2},
	language={en},
	numpages=567,
	publisher={L. Erlbaum Associates},
	address={Hillsdale, N.J},
	title={Statistical power analysis for the behavioral sciences},
	author={Cohen, Jacob},
	date=1988,
	year=1988,
}

@article{Page2021,
  title={Updating guidance for reporting systematic reviews: development of the PRISMA 2020 statement},
  author={Page, Matthew J and McKenzie, Joanne E and Bossuyt, Patrick M and Boutron, Isabelle and Hoffmann, Tammy C and Mulrow, Cynthia D and Shamseer, Larissa and Tetzlaff, Jennifer M and Moher, David},
  journal={Journal of Clinical Epidemiology},
  volume={134},
  pages={103--112},
  year={2021},
  publisher={Elsevier}
}

@article{Lopez2017,
  title={Assessing meta-regression methods for examining moderator relationships with dependent effect sizes: A Monte Carlo simulation},
  author={López-López, Jose Antonio and Van den Noortgate, Wim and Tanner-Smith, Emily E and Wilson, Sandra Jo and Lipsey, Mark W},
  journal={Research synthesis methods},
  volume={8},
  number={4},
  pages={435--450},
  year={2017},
  publisher={Wiley Online Library}
}

@article{VandenNoortgate2013,
  title={Three-level meta-analysis of dependent effect sizes},
  author={Van den Noortgate, Wim and López-López, José Antonio and Marín-Martínez, Fulgencio and Sánchez-Meca, Julio},
  journal={Behavior research methods},
  volume={45},
  number={2},
  pages={576--594},
  year={2013},
  publisher={Springer}
}
@incollection{Becker2000,
	address = {San Diego},
	title = {17 - {Multivariate} {Meta}-analysis},
	isbn = {978-0-12-691360-6},
	url = {https://www.sciencedirect.com/science/article/pii/B9780126913606500185},
	abstract = {This chapter reviews meta-analytic methods for synthesis of multivariate data. Meta-analysis, or research synthesis, provides a way to examine results accumulated from a series of related studies, through statistical analyses of those results. The approach to multivariate meta-analysis presented here can be applied regardless of the form of the effect of interest. In general, the goals of a multivariate meta-analysis are the same as those of univariate syntheses: to estimate magnitudes of effect across studies, and to examine variation in patterns of outcomes. Moreover, reviewers have a wide range of options available when faced with multivariate data in meta-analysis. The specific set of analyses a reviewer selects depends on a number of factors. For example, the reviewer must consider the structure of the data in the review. If the multivariate data are a small part of the evidence in the review, it may make sense to use a simple approach, such as dropping or combining outcomes, or using sensitivity analyses to evaluate the impact of the dependence on the results of the review.},
	language = {en},
	urldate = {2021-11-07},
	booktitle = {Handbook of {Applied} {Multivariate} {Statistics} and {Mathematical} {Modeling}},
	publisher = {Academic Press},
	author = {Becker, Betsy J.},
	editor = {Tinsley, Howard E. A. and Brown, Steven D.},
	month = jan,
	year = {2000},
	doi = {10.1016/B978-012691360-6/50018-5},
	pages = {499--525},
	}
@article{Carter2019,
	title = {Correcting for {Bias} in {Psychology}: {A} {Comparison} of {Meta}-{Analytic} {Methods}},
	volume = {2},
	issn = {2515-2459},
	shorttitle = {Correcting for {Bias} in {Psychology}},
	url = {https://doi.org/10.1177/2515245919847196},
	doi = {10.1177/2515245919847196},
	abstract = {Publication bias and questionable research practices in primary research can lead to badly overestimated effects in meta-analysis. Methodologists have proposed a variety of statistical approaches to correct for such overestimation. However, it is not clear which methods work best for data typically seen in psychology. Here, we present a comprehensive simulation study in which we examined how some of the most promising meta-analytic methods perform on data that might realistically be produced by research in psychology. We simulated several levels of questionable research practices, publication bias, and heterogeneity, and used study sample sizes empirically derived from the literature. Our results clearly indicated that no single meta-analytic method consistently outperformed all the others. Therefore, we recommend that meta-analysts in psychology focus on sensitivity analyses?that is, report on a variety of methods, consider the conditions under which these methods fail (as indicated by simulation studies such as ours), and then report how conclusions might change depending on which conditions are most plausible. Moreover, given the dependence of meta-analytic methods on untestable assumptions, we strongly recommend that researchers in psychology continue their efforts to improve the primary literature and conduct large-scale, preregistered replications. We provide detailed results and simulation code at https://osf.io/rf3ys and interactive figures at http://www.shinyapps.org/apps/metaExplorer/.},
	number = {2},
	urldate = {2021-06-29},
	journal = {Advances in Methods and Practices in Psychological Science},
	author = {Carter, Evan C. and Schönbrodt, Felix D. and Gervais, Will M. and Hilgard, Joseph},
	month = jun,
	year = {2019},
	note = {Publisher: SAGE Publications Inc},
	pages = {115--144},
	}
@article{Moeyaert2017,
  title={Methods for dealing with multiple outcomes in meta-analysis: a comparison between averaging effect sizes, robust variance estimation and multilevel meta-analysis},
  author={Moeyaert, Mariola and Ugille, Maaike and Natasha Beretvas, S and Ferron, John and Bunuan, Rommel and Van den Noortgate, Wim},
  journal={International Journal of Social Research Methodology},
  volume={20},
  number={6},
  pages={559--572},
  year={2017},
  publisher={Taylor \& Francis}
}
@article{Ropovik2021,
  title={Neglect of publication bias compromises meta-analyses of educational research},
  author={Ropovik, Ivan and Adamkovic, Matus and Greger, David},
  journal={Plos one},
  volume={16},
  number={6},
  pages={e0252415},
  year={2021},
  publisher={Public Library of Science San Francisco, CA USA}
}
@article{Stanley2017,
  title={Limitations of PET-PEESE and other meta-analysis methods},
  author={Stanley, Tom D},
  journal={Social Psychological and Personality Science},
  volume={8},
  number={5},
  pages={581--591},
  year={2017},
  publisher={Sage Publications Sage CA: Los Angeles, CA}
}

@article{Bartos2021,
  title={No Need to Choose: Robust Bayesian Meta-Analysis with Competing Publication Bias Adjustment Methods},
  author={Bartoš, František and Maier, Maximilian and Wagenmakers, Eric-Jan and Doucouliagos, Hristos and Stanley, TD},
  year={2021},
  publisher={PsyArXiv}
}

@article{Covidence,
  title={Covidence systematic review software, Veritas Health Innovation, Melbourne, Australia},
  author={Covidence}
}

@article{Schmidt1989,
  title={Summary knowledge of results for skill acquisition: Support for the guidance hypothesis.},
  author={Schmidt, Richard A and Young, Douglas E and Swinnen, Stephan and Shapiro, Diane C},
  journal={Journal of Experimental Psychology: Learning, Memory, and Cognition},
  volume={15},
  number={2},
  pages={352},
  year={1989},
  publisher={American Psychological Association}
}

@article{Lohse2016,
	title = {Underpowered and overworked: Problems with data analysis in motor learning studies},
	volume = {4},
	issn = {2325-3193, 2325-3215},
	shorttitle = {Underpowered and {Overworked}},
	url = {http://journals.humankinetics.com/view/journals/jmld/4/1/article-p37.xml},
	doi = {10.1123/jmld.2015-0010},
	language = {en\_US},
	number = {1},
	urldate = {2021-07-10},
	journal = {Journal of Motor Learning and Development},
	author = {Lohse, Keith and Buchanan, Taylor and Miller, Matthew},
	month = jun,
	year = {2016},
	note = {Publisher: Human Kinetics, Inc.
Section: Journal of Motor Learning and Development},
	pages = {37--58},
	
}

@article{Beall2012,
  title={Beall’s list of predatory publishers 2013},
  author={Beall, Jeffrey},
  journal={Scholarly Open Access},
  year={2012}
}

@article{Memon2018,
  title={Predatory journals spamming for publications: what should researchers do?},
  author={Memon, Aamir Raoof},
  journal={Science and Engineering Ethics},
  volume={24},
  number={5},
  pages={1617--1639},
  year={2018},
  publisher={Springer}
}